<record><leader>02340cam a2200469 i 4500</leader><controlfield tag="001">6812610</controlfield><controlfield tag="003">OCoLC</controlfield><controlfield tag="005">20150213084446.0</controlfield><controlfield tag="008">140506s2015    nyu           000 1 eng  </controlfield><datafield ind1=" " ind2=" " tag="010"><subfield code="a">  2014008520</subfield></datafield><datafield ind1=" " ind2=" " tag="020"><subfield code="a">1439172560 (hardback)</subfield></datafield><datafield ind1=" " ind2=" " tag="020"><subfield code="a">9781439172568 (hardback)</subfield></datafield><datafield ind1=" " ind2=" " tag="020"><subfield code="a">1439172579 (paperback)</subfield></datafield><datafield ind1=" " ind2=" " tag="020"><subfield code="a">9781439172575 (paperback)</subfield></datafield><datafield ind1=" " ind2=" " tag="020"><subfield code="z">9781439172605 (ebook)</subfield></datafield><datafield ind1=" " ind2=" " tag="035"><subfield code="a">ocn873006266</subfield></datafield><datafield ind1=" " ind2=" " tag="040"><subfield code="a">DLC</subfield><subfield code="b">eng</subfield><subfield code="e">rda</subfield><subfield code="c">DLC</subfield><subfield code="d">YDXCP</subfield><subfield code="d">BTCTA</subfield><subfield code="d">BDX</subfield><subfield code="d">OCLCF</subfield><subfield code="d">Y32</subfield><subfield code="d">IH7</subfield><subfield code="d">VP@</subfield><subfield code="d">IXA</subfield><subfield code="d">NDS</subfield><subfield code="d">UAB</subfield><subfield code="d">AEU</subfield></datafield><datafield ind1=" " ind2=" " tag="042"><subfield code="a">pcc</subfield></datafield><datafield ind1="0" ind2="0" tag="050"><subfield code="a">PS3610.U537</subfield><subfield code="b">F57 2015</subfield></datafield><datafield ind1="0" ind2="0" tag="082"><subfield code="a">813/.6</subfield><subfield code="2">23</subfield></datafield><datafield ind1=" " ind2=" " tag="084"><subfield code="a">FIC019000</subfield><subfield code="a">FIC044000</subfield><subfield code="a">FIC016000</subfield><subfield code="2">bisacsh</subfield></datafield><datafield ind1=" " ind2=" " tag="090"><subfield code="a">PS 3610 U537 F57 2015</subfield><subfield code="b">AEU</subfield></datafield><datafield ind1="1" ind2=" " tag="100"><subfield code="a">July, Miranda,</subfield><subfield code="d">1974-</subfield><subfield code="e">author.</subfield></datafield><datafield ind1="1" ind2="4" tag="245"><subfield code="a">The first bad man :</subfield><subfield code="b">a novel /</subfield><subfield code="c">by Miranda July.</subfield></datafield><datafield ind1=" " ind2=" " tag="250"><subfield code="a">First Scribner hardcover edition.</subfield></datafield><datafield ind1=" " ind2="1" tag="264"><subfield code="a">New York :</subfield><subfield code="b">Scribner,</subfield><subfield code="c">2015.</subfield></datafield><datafield ind1=" " ind2=" " tag="300"><subfield code="a">276 pages ;</subfield><subfield code="c">22 cm</subfield></datafield><datafield ind1=" " ind2=" " tag="336"><subfield code="a">text</subfield><subfield code="b">txt</subfield><subfield code="2">rdacontent</subfield></datafield><datafield ind1=" " ind2=" " tag="337"><subfield code="a">unmediated</subfield><subfield code="b">n</subfield><subfield code="2">rdamedia</subfield></datafield><datafield ind1=" " ind2=" " tag="338"><subfield code="a">volume</subfield><subfield code="b">nc</subfield><subfield code="2">rdacarrier</subfield></datafield><datafield ind1=" " ind2=" " tag="520"><subfield code="a">Here is Cheryl, a tightly-wound, vulnerable woman who lives alone, with a perpetual lump in her throat. She is haunted by a baby boy she met when she was six, who sometimes recurs as other people's babies. Cheryl is also obsessed with Phillip, a philandering board member at the women's self-defense nonprofit where she works. She believes they've been making love for many lifetimes, though they have yet to consummate in this one. When Cheryl's bosses ask if their twenty-one-year-old daughter, Clee, can move into her house for a little while, Cheryl's eccentrically ordered world explodes. And yet it is Clee -- the selfish, cruel blond bombshell -- who bullies Cheryl into reality and, unexpectedly, provides her the love of a lifetime.</subfield></datafield><datafield ind1=" " ind2=" " tag="596"><subfield code="a">43</subfield></datafield><datafield ind1=" " ind2="0" tag="650"><subfield code="a">Middle-aged women</subfield><subfield code="v">Fiction.</subfield></datafield><datafield ind1=" " ind2="0" tag="650"><subfield code="a">Role playing</subfield><subfield code="v">Fiction.</subfield></datafield><datafield ind1=" " ind2="0" tag="650"><subfield code="a">Infatuation</subfield><subfield code="v">Fiction.</subfield></datafield><datafield ind1=" " ind2="0" tag="650"><subfield code="a">Sexual fantasies</subfield><subfield code="v">Fiction.</subfield></datafield><datafield ind1=" " ind2="0" tag="650"><subfield code="a">Motherhood</subfield><subfield code="v">Fiction.</subfield></datafield><datafield ind1=" " ind2="0" tag="650"><subfield code="a">Young women</subfield><subfield code="v">Fiction.</subfield></datafield><datafield ind1=" " ind2="0" tag="650"><subfield code="a">Roommates</subfield><subfield code="v">Fiction.</subfield></datafield><datafield ind1=" " ind2="0" tag="650"><subfield code="a">Man-woman relationships</subfield><subfield code="v">Fiction.</subfield></datafield><datafield ind1=" " ind2=" " tag="949"><subfield code="a">PS 3610 U537 F57 2015</subfield><subfield code="h">UAHS-B</subfield><subfield code="i">0162035244035</subfield></datafield><datafield ind1=" " ind2=" " tag="926"><subfield code="a">PS 3610 U537 F57 2015</subfield><subfield code="w">LC</subfield><subfield code="c">1</subfield><subfield code="i">0162035244035</subfield><subfield code="d">2/21/2017</subfield><subfield code="e">1/18/2017</subfield><subfield code="l">ON_SHELF</subfield><subfield code="m">UAHSS</subfield><subfield code="n">14</subfield><subfield code="p">$150.00</subfield><subfield code="r">Y</subfield><subfield code="s">Y</subfield><subfield code="t">BOOK</subfield><subfield code="u">2/26/2015</subfield></datafield></record>